Automatically generated by Mendeley Desktop 1.11
Any changes to this file will be lost if it is regenerated by Mendeley.

BibTeX export options can be customized via Options -> BibTeX in Mendeley Desktop

@article{Zhao2013,
author = {Zhao, Yili and Barbic, J},
file = {:C$\backslash$:/Users/N3trunner.MITTELERDE/Documents/Mendeley Desktop/Zhao, Barbic/ACM TRANSACTIONS ON \ldots/Zhao, Barbic - 2013 - Interactive authoring of simulation-ready plants.pdf:pdf;:C$\backslash$:/Users/N3trunner.MITTELERDE/Documents/Mendeley Desktop/Zhao, Barbic/ACM TRANSACTIONS ON \ldots/Zhao, Barbic - 2013 - Interactive authoring of simulation-ready plants.pptx:pptx},
journal = {ACM TRANSACTIONS ON \ldots},
keywords = {authoring,botanical,domain decomposition,fem,interactive,large deformations,model reduction},
number = {Figure 1},
title = {{Interactive authoring of simulation-ready plants}},
url = {http://run.usc.edu/botanical/},
year = {2013}
}
@article{Au2007,
author = {Au, OKC and Tai, CL and Chu, HK},
file = {:C$\backslash$:/Users/N3trunner.MITTELERDE/Documents/Mendeley Desktop/Au, Tai, Chu/ACM Transactions on \ldots/Au, Tai, Chu - 2008 - Skeleton extraction by mesh contraction.pdf:pdf},
journal = {ACM Transactions on \ldots},
keywords = {a curve-skeleton is essentially,a geometry entity that,abstracts the,laplacian smoothing,mesh contraction,meth-,most existing skeleton extraction,object,s volume,segmentation,skeleton,skinning,therefore},
title = {{Skeleton extraction by mesh contraction}},
url = {http://dl.acm.org/citation.cfm?id=1360643},
year = {2008}
}
@article{Pirk2011,
author = {Pirk, S\"{o}ren and Stava, O and Kratt, J and Said, MAM},
file = {:C$\backslash$:/Users/N3trunner.MITTELERDE/Documents/Mendeley Desktop/Pirk et al/ACM Transactions on \ldots/Pirk et al. - 2012 - Plastic trees interactive self-adapting botanical tree models.pdf:pdf;:C$\backslash$:/Users/N3trunner.MITTELERDE/Documents/Mendeley Desktop/Pirk et al/ACM Transactions on \ldots/Pirk et al. - 2012 - Plastic trees interactive self-adapting botanical tree models.zip:zip},
journal = {ACM Transactions on \ldots},
keywords = {generative tree modeling,interactive procedural,modeling,visual models of trees},
title = {{Plastic trees: interactive self-adapting botanical tree models}},
url = {http://graphics.uni-konstanz.de/publikationen/2012/plastic\_trees/website/},
year = {2012}
}
@article{Barbic2012,
author = {Barbic, J},
file = {:C$\backslash$:/Users/N3trunner.MITTELERDE/Documents/Mendeley Desktop/Barbic/run.usc.edu/Barbic - 2012 - SIGGRAPH 2012 Course Notes FEM Simulation of 3D Deformable Solids A practitioner's guide to theory, discretization and m.pdf:pdf},
journal = {run.usc.edu},
pages = {1--15},
title = {{SIGGRAPH 2012 Course Notes FEM Simulation of 3D Deformable Solids: A practitioner's guide to theory, discretization and model reduction. Part 2: Model}},
url = {http://run.usc.edu/femdefo/barbic-courseNotes-modelReduction.pdf},
year = {2012}
}
@article{Pirk2012,
author = {Pirk, S\"{o}ren and Niese, Till and Deussen, Oliver and Neubert, Boris},
doi = {10.1145/2366145.2366188},
file = {:C$\backslash$:/Users/N3trunner.MITTELERDE/Documents/Mendeley Desktop/Pirk et al/ACM Transactions on Graphics/Pirk et al. - 2012 - Capturing and animating the morphogenesis of polygonal tree models.pdf:pdf},
issn = {07300301},
journal = {ACM Transactions on Graphics},
keywords = {animation,generative tree modeling,interactive procedural,modeling,plant growth,visual models of trees},
month = nov,
number = {6},
pages = {1},
title = {{Capturing and animating the morphogenesis of polygonal tree models}},
url = {http://graphics.uni-konstanz.de/publikationen/2012/tree\_growth/website/},
volume = {31},
year = {2012}
}
